@book{Thompson.2012,
	author = {Thompson, Steven K.},
	title = {Sampling},
	year = {2012},
	edition = {3rd},
	publisher = {John Wiley \& Sons, Inc.},
	location = {New Jeeryse},
	isbn = {978-0-470-40231-3}
}

@book{Brus.2022,
	author = {Brus, Dick J.},
	title = {Spatial Sampling with R},
	year = {2022},
	edition = {1st},
	publisher = {CRC Press},
	series = {The R series},
	location = {Boca Raton, Fl.},
	isbn = {978-1-032-19385-4}
}

@book{Alinghaus.1996,
	editor = {Arlinghaus, Sandra L.},
	title = {Practical Handbook of Spatial Statistics},
	year = {1996},
	edition = {1st},
	publisher = {CRC Press},
	location = {Boca Raton, Fl.},
	isbn = {0-8483-0132-7}
}

@book{Benedetti.2015,
	editor = {Benedetti, Roberto and Piersimoni, Federica and Postiglione, Paolo},
	title = {Sampling Spatial Units for Agricultura Surveys},
	year = {2015},
	edition = {1st},
	publisher = {Springer},
	series = {The Regional Science Series},
	location = {Italia},
	isbn = {978-3-662-46007-8}
}

@book{Lohr.2010,
	author = {Lohr, Sharon L.},
	title = {Sampling: Design and Analysis},
	year = {2010},
	edition = {2nd},
	publisher = {Brooks/Cole CENGAGE Learning},
	series = {Advanced Series},
	location = {Boston, MA 02210},
	isbn = {978-0-495-10527-5}
}

@article{Cressie.1986,
	author = {Cressie, Noel},
	title = {Kriging Nonstationary Data},
	journal = {Journal of the American Statistical Association},
	year = {1986},
	volume = {81},
	number = {395},
	month = {Septiembre},
	pages = {625 - 634},
	doi = {http://dx.doi.org/10.1080/01621459.1986.10478315}
}

@article{Cressie.1989,
	author = {Cressie, Noel},
	title = {Geostatistics},
	journal = {The American Statistician},
	year = {1989},
	volume = {43},
	number = {4},
	month = {Noviembre},
	pages = {197 - 202},
	doi = {http://dx.doi.org/10.1080/00031305.1989.10475658}
}

@article{Grondona.1991,
	author = {Grondona, Martin O. and Cressie, Noel},
	title = {Using Spatial Considerations in the Analysis of Experiments},
	journal = {Technometrics},
	year = {1991},
	volume = {33},
	number = {4},
	month = {Noviembre},
	pages = {381 - 392},
	doi = {http://dx.doi.org/10.1080/00401706.1991.10484867}
}

@article{Hohn.1993,
	author = {Hohn, Michael E. and Liebhold, Andrew M. and Gribko, Linda},
	title = {Geostatistical Model for Forecasting Spatial Dynamics of Defoliation Caused by the Gypsy Moth (Lepidoptera: Lymantriidae)},
	journal = {Environmental Entomoly},
	year = {1993},
	volume = {22},
	number = {5},
	month = {Octubre},
	pages = {1066 - 1075},
	doi = {http://dx.doi.org/10.1080/00401706.1991.10484867}
}

@article{Journel.1987,
	author = {Thadani, Suresh G. and Alabert, Francois and Journel, Andre G.},
	title = {An Integrated Geostatistical/Pattern Recogniction Technique for Characterization of Reservoir Spatial Variability},
	journal = {SEG Technical Program Expanded Abstracts},
	publisher = {Society of Exploration Geophysicists},
	year = {1987},
	pages = {372 - 375},
	doi = {http://dx.doi.org/10.1190/1.1892098}
}